<?xml version="1.0" encoding="UTF-8"?><collection xmlns="http://www.loc.gov/MARC21/slim"><record><leader>00580nam--2200217-u-4500</leader><controlfield tag="001">000051579</controlfield><controlfield tag="002">20161230</controlfield><controlfield tag="005">20170302083751</controlfield><controlfield tag="008">080807s1000------------r-----000-0-eng-d</controlfield><datafield ind1=" " ind2=" " tag="020"><subfield code="a">0-471-88741-2</subfield></datafield><datafield ind1=" " ind2=" " tag="040"><subfield code="a">IFIN-HH</subfield></datafield><datafield ind1=" " ind2=" " tag="080"><subfield code="a">539.12</subfield></datafield><datafield ind1="1" ind2="0" tag="100"><subfield code="a">Halzen, Francis</subfield></datafield><datafield ind1="1" ind2=" " tag="245"><subfield code="a">Quarks and Leptons: An Introductory Course in Modern Particle Physics</subfield><subfield code="c">Martin, Alan D</subfield></datafield><datafield ind1=" " ind2=" " tag="260"><subfield code="a">London</subfield><subfield code="b">John Wiley and Sons, Inc</subfield><subfield code="c">1984</subfield></datafield><datafield ind1=" " ind2=" " tag="300"><subfield code="a">396 p</subfield></datafield><datafield ind1=" " ind2="4" tag="650"><subfield code="a">Quarks</subfield></datafield><datafield ind1="4" ind2=" " tag="650"><subfield code="a">Leptons</subfield></datafield><datafield ind1="1" ind2=" " tag="700"><subfield code="a">n D. Martin</subfield></datafield><datafield ind1=" " ind2=" " tag="852"><subfield code="a">82097</subfield><subfield code="c">539.12</subfield></datafield><datafield ind1=" " ind2=" " tag="CAT"><subfield code="a">SYS</subfield><subfield code="c">20170302</subfield><subfield code="h">083751</subfield></datafield></record></collection>